@article{barthelemy2007plant,
	title={Plant architecture: a dynamic, multilevel and comprehensive approach to plant form, structure and ontogeny},
	author={Barth{\'e}l{\'e}my, Daniel and Caraglio, Yves},
	journal={Annals of botany},
	volume={99},
	number={3},
	pages={375--407},
	year={2007},
	publisher={Oxford University Press}
}

@article{palubicki2009self,
	title={Self-organizing tree models for image synthesis},
	author={Palubicki, Wojciech and Horel, Kipp and Longay, Steven and Runions, Adam and Lane, Brendan and M{\v{e}}ch, Radom{\'\i}r and Prusinkiewicz, Przemyslaw},
	journal={ACM Transactions on Graphics (TOG)},
	volume={28},
	number={3},
	pages={1--10},
	year={2009},
	publisher={ACM New York, NY, USA}
} 
 
@inproceedings{yi2018tree,
 	title={Tree growth modelling constrained by growth equations},
 	author={Yi, Lei and Li, Hongjun and Guo, Jianwei and Deussen, Oliver and Zhang, Xiaopeng},
 	booktitle={Computer Graphics Forum},
 	volume={37},
 	number={1},
 	pages={239--253},
 	year={2018},
 	organization={Wiley Online Library}
}
 
@inproceedings{mvech1996visual,
 	title={Visual models of plants interacting with their environment},
 	author={M{\v{e}}ch, Radom{\'\i}r and Prusinkiewicz, Przemyslaw},
 	booktitle={Proceedings of the 23rd annual conference on Computer graphics and interactive techniques},
 	pages={397--410},
 	year={1996}
 }
 
 @misc{mitchell, 
 	title={Chapter 13. Volumetric Light Scattering as a Post-Process}, 
 	note={https://developer.nvidia.com/gpugems/gpugems3/part-ii-light-and-shadows/chapter-13-volumetric-light-scattering-post-process}, 
 	journal={NVIDIA Developer}, 
 	publisher={Nvidia}, 
 	author={Mitchell, Kenny},
 	year={2007}
 }

@book{ragnemalm2015so,
	title={So How Can We Make Them Scream},
	author={Ragnemalm, Ingemar},
	year={2015},
	publisher={Bokakademin}
}

@article{borchert1984control,
	title={Control of development in the bifurcating branch system of Tabebuia rosea: a computer simulation},
	author={Borchert, Rolf and Honda, Hisao},
	journal={Botanical Gazette},
	volume={145},
	number={2},
	pages={184--195},
	year={1984},
	publisher={The University of Chicago Press}
}
